@article{PEMFormat,
    title = {Secure internet banking with privacy enhanced mail â€” A protocol for reliable exchange of secured order forms},
    journal = {Computer Networks and ISDN Systems},
    volume = {28},
    number = {14},
    pages = {1891-1899},
    year = {1996},
    doi = {https://doi.org/10.1016/S0169-7552(96)00089-X},
    url = {https://www.sciencedirect.com/science/article/pii/S016975529600089X},
    author = {Stephan Kolletzki},
}

@online{NetflixSubStats,
    author = {Phil Nickinson},
    title = {The 10 most popular streaming services, ranked by subscriber count },
    date = {2024-04-18},
    url = {https://www.digitaltrends.com/home-theater/most-popular-streaming-services-by-subscribers},
    urldate = {2024-04-23},
}
